@MISC{googlelee,
	HOWPUBLISHED = "https://www.theguardian.com/technology/2016/mar/15/googles-alphago-seals-4-1-victory-over-grandmaster-lee-sedol",
	AUTHOR = "The Guardian",
	TITLE = "AlphaGo seals 4\-1 victory over Go grandmaster Lee Sedol",
	YEAR = "2016",
	NOTE = "accessed June 05, 2018"
}


@BOOK{ex1,
	AUTHOR="John Doe",
	TITLE="The Book without Title",
	PUBLISHER="Dummy Publisher",
	YEAR="2100",
}

@ARTICLE{ex2,
	AUTHOR="John Doe",
	TITLE="Title",
	JOURNAL="Journal",
	YEAR="2017",
}

@INBOOK{ex3,
	AUTHOR="John Doe",
	TITLE="The Book without Title",
	PUBLISHER="Dummy Publisher",
	YEAR="2100",
	PAGES="100-200",
}

@MISC{ex4,
	HOWPUBLISHED = "http://example.com",
	AUTHOR = "R. Team",
	TITLE = "Example",
	YEAR = "2017",
	NOTE = "accessed July 05, 2017"
}
